<?xml version='1.0' encoding='utf-8'?>
<record xmlns="http://www.loc.gov/MARC21/slim" xmlns:xsi="http://www.w3.org/2001/XMLSchema-instance">
  <leader>00000cjm^a2200361^a^4500</leader>
  <controlfield tag="001">005896106</controlfield>
  <controlfield tag="005">20090424115808.0</controlfield>
  <controlfield tag="006">g---^^^^^^^^^^^^vl</controlfield>
  <controlfield tag="007">sd^fungnnmmned</controlfield>
  <controlfield tag="007">vd^mvairs</controlfield>
  <controlfield tag="008">081022p20081968caurcn^^^^^^^^^^^^^^eng^d</controlfield>
  <datafield tag="024" ind1="1" ind2=" ">
    <subfield code="a">093624983989</subfield>
  </datafield>
  <datafield tag="028" ind1="0" ind2="2">
    <subfield code="a">2-516758</subfield>
    <subfield code="b">Reprise Records</subfield>
  </datafield>
  <datafield tag="035" ind1=" " ind2=" ">
    <subfield code="a">(OCoLC)263095231</subfield>
  </datafield>
  <datafield tag="035" ind1=" " ind2=" ">
    <subfield code="a">(OCoLC)ocn263095231</subfield>
  </datafield>
  <datafield tag="037" ind1=" " ind2=" ">
    <subfield code="b">Midwest Tape</subfield>
    <subfield code="n">http://www.midwesttapes.com</subfield>
  </datafield>
  <datafield tag="040" ind1=" " ind2=" ">
    <subfield code="a">TEFMT</subfield>
    <subfield code="c">TEFMT</subfield>
    <subfield code="d">TEF</subfield>
    <subfield code="d">BTCTA</subfield>
    <subfield code="d">MiU-H</subfield>
  </datafield>
  <datafield tag="100" ind1="1" ind2=" ">
    <subfield code="a">Young, Neil,</subfield>
    <subfield code="d">1945-</subfield>
    <subfield code="4">prf</subfield>
  </datafield>
  <datafield tag="245" ind1="1" ind2="0">
    <subfield code="a">Sugar mountain</subfield>
    <subfield code="h">[sound recording] :</subfield>
    <subfield code="b">Live at Canterbury house 1968 /</subfield>
    <subfield code="c">Neil Young.</subfield>
  </datafield>
  <datafield tag="246" ind1="3" ind2="0">
    <subfield code="a">Live at Canterbury house 1968</subfield>
  </datafield>
  <datafield tag="260" ind1=" " ind2=" ">
    <subfield code="a">Burbank, Calif. :</subfield>
    <subfield code="b">Reprise records,</subfield>
    <subfield code="c">2008.</subfield>
  </datafield>
  <datafield tag="300" ind1=" " ind2=" ">
    <subfield code="a">2 sound discs :</subfield>
    <subfield code="b">digital ;</subfield>
    <subfield code="c">4 3/4 in.</subfield>
  </datafield>
  <datafield tag="440" ind1=" " ind2="0">
    <subfield code="a">Neil Young archives performance series ;</subfield>
    <subfield code="v">disc 00</subfield>
  </datafield>
  <datafield tag="511" ind1="0" ind2=" ">
    <subfield code="a">Performed by Neil Young.</subfield>
  </datafield>
  <datafield tag="518" ind1=" " ind2=" ">
    <subfield code="a">Recorded live in 1968 at Canterbury House, Ann Arbor, Mich.</subfield>
  </datafield>
  <datafield tag="538" ind1=" " ind2=" ">
    <subfield code="a">Compact disc accompanied by separate DVD.</subfield>
  </datafield>
  <datafield tag="505" ind1="0" ind2="0">
    <subfield code="t">On the way home --</subfield>
    <subfield code="t">Mr. Soul --</subfield>
    <subfield code="t">Expecting to fly --</subfield>
    <subfield code="g">The</subfield>
    <subfield code="t">last trip to Tulsa --</subfield>
    <subfield code="g">The</subfield>
    <subfield code="t">loner --</subfield>
    <subfield code="t">Birds --</subfield>
    <subfield code="t">Winterlong (excerpt) --</subfield>
    <subfield code="t">Out of my mind --</subfield>
    <subfield code="t">If I could have her tonight --</subfield>
    <subfield code="t">Sugar mountain --</subfield>
    <subfield code="t">I've been waiting for you --</subfield>
    <subfield code="t">Nowadays Clancy can't even sing --</subfield>
    <subfield code="g">The</subfield>
    <subfield code="t">old laughing lady --</subfield>
    <subfield code="t">Broken arrow.</subfield>
  </datafield>
  <datafield tag="505" ind1="0" ind2="0">
    <subfield code="g">DVD:</subfield>
    <subfield code="t">On the way home --</subfield>
    <subfield code="t">Mr. Soul --</subfield>
    <subfield code="t">Expecting to fly --</subfield>
    <subfield code="g">The</subfield>
    <subfield code="t">last trip to Tulsa --</subfield>
    <subfield code="g">The</subfield>
    <subfield code="t">loner --</subfield>
    <subfield code="t">Birds --</subfield>
    <subfield code="t">Winterlong (excerpt) --</subfield>
    <subfield code="t">Out of my mind --</subfield>
    <subfield code="t">If I could have her tonight --</subfield>
    <subfield code="t">Sugar mountain --</subfield>
    <subfield code="t">I've been waiting for you --</subfield>
    <subfield code="t">Nowadays Clancy can't even sing --</subfield>
    <subfield code="g">The</subfield>
    <subfield code="t">old laughing lady --</subfield>
    <subfield code="t">Broken arrow --</subfield>
    <subfield code="t">Neil Young archives vol. 1 trailer.</subfield>
  </datafield>
  <datafield tag="650" ind1=" " ind2="0">
    <subfield code="a">Rock music</subfield>
    <subfield code="y">1961-1970.</subfield>
  </datafield>
  <datafield tag="710" ind1="2" ind2=" ">
    <subfield code="a">Canterbury House (Ann Arbor, Mich.)</subfield>
  </datafield>
  <datafield tag="852" ind1="8" ind2=" ">
    <subfield code="a">MiU-H</subfield>
    <subfield code="b">BENT</subfield>
    <subfield code="h">2008182 Aa 2</subfield>
  </datafield>
  <datafield tag="997" ind1=" " ind2=" ">
    <subfield code="a">MARS</subfield>
  </datafield>
  <datafield tag="998" ind1=" " ind2=" ">
    <subfield code="c">Flint djh 2009-04-24</subfield>
  </datafield>
  <datafield tag="SID" ind1=" " ind2=" ">
    <subfield code="a">Z39</subfield>
    <subfield code="b">OCLC_BIB</subfield>
  </datafield>
  <datafield tag="955" ind1=" " ind2=" ">
    <subfield code="b">BENT</subfield>
    <subfield code="p">B3296799</subfield>
  </datafield>
</record>
